02RETORNO01COBRANCA       00000000000000270832CCB CENTRO DE CRIOGENIA BRASIL237BRADESCO       1502180160000003118                                                                                                                                                                                                                                                                          160218         000001
10206025637000119000000900133010179341905854666               000000000190585466610000000000000000000000000906150218190585466600000000019058546661150218000000003000010402265  000000000000000000000000000000000000000000000000000000000000000000000000000000000000003000000000000000000000000000000   160218             00000000000000                                                                  000002
10206025637000119000000900133010179341905856972               000000000190585697260000000000000000000000000906150218190585697200000000019058569726150218000000003550000100391  000000000000000000000000000000000000000000000000000000000000000000000000000000000000003550000000000000000000000000000   160218             00000000000000                                                                  000003
10206025637000119000000900133010179341905863941               000000000190586394140000000000000000000000000906150218190586394100000000019058639414150118000000008516334103765  000000000000000000000000000000000000000000000000000000000000000000000000000000000000008516300000000000000000000000000   160218             00000000000000                                                                  000004
10206025637000119000000900133010179341905865553               000000000190586555330000000000000000000000000906150218190586555300000000019058655533150218000000003650023700706  000000000000000000000000000000000000000000000000000000000000000000000000000000000000003650000000000000000000000000000   160218             00000000000000                                                                  000005
10206025637000119000000900133010179341905866169               0000000001905866169P000000000000000000000000090615021819058661690000000001905866169P150218000000000774110402989  000000000000000000000000000000000000000000000000000000000000000000000000000000000000000774100000000000000000000000000   160218             00000000000000                                                                  000006
10206025637000119000000900133010179341905866285               000000000190586628580000000000000000000000000906150218190586628500000000019058662858150218000000008516334103767  000000000000000000000000000000000000000000000000000000000000000000000000000000000000008516300000000000000000000000000   160218             00000000000000                                                                  000007
10206025637000119000000900133010179341905866302               000000000190586630210000000000000000000000000906150218190586630200000000019058663021150218000000000774134103767  000000000000000000000000000000000000000000000000000000000000000000000000000000000000000774100000000000000000000000000   160218             00000000000000                                                                  000008
10206025637000119000000900133010179341905866305               000000000190586630560000000000000000000000000906150218190586630500000000019058663056150218000000000774175604312  000000000000000000000000000000000000000000000000000000000000000000000000000000000000000774100000000000000000000000000   160218             00000000000000                                                                  000009
10206025637000119000000900133010179341905866389               000000000190586638970000000000000000000000000906150218190586638900000000019058663897150218000000000774103300566  000000000000000000000000000000000000000000000000000000000000000000000000000000000000000774100000000000000000000000000   160218             00000000000000                                                                  000010
10206025637000119000000900133010179341905866390               000000000190586639000000000000000000000000000906150218190586639000000000019058663900150218000000000774134108499  000000000000000000000000000000000000000000000000000000000000000000000000000000000000000774100000000000000000000000000   160218             00000000000000                                                                  000011
10206025637000119000000900133010179341905866486               000000000190586648690000000000000000000000000906150218190586648600000000019058664869150218000000000774134106681  000000000000000000000000000000000000000000000000000000000000000000000000000000000000000774100000000000000000000000000   160218             00000000000000                                                                  000012
10206025637000119000000900133010179341905866507               000000000190586650750000000000000000000000000906150218190586650700000000019058665075150218000000008133403300674  000000000000000000000000000000000000000000000000000000000000000000000000000000000000008133400000000000000000000000000   160218             00000000000000                                                                  000013
10206025637000119000000900133010179341905866526               000000000190586652610000000000000000000000000906150218190586652600000000019058665261150218000000000774103303620  000000000000000000000000000000000000000000000000000000000000000000000000000000000000000774100000000000000000000000000   160218             00000000000000                                                                  000014
10206025637000119000000900133010179341905866566               000000000190586656600000000000000000000000000906150218190586656600000000019058665660150218000000001365734108576  000000000000000000000000000000000000000000000000000000000000000000000000000000000000001365700000000000000000000000000   160218             00000000000000                                                                  000015
10206025637000119000000900133010179341905866597               000000000190586659700000000000000000000000000906150218190586659700000000019058665970150218000000000774100104852  000000000000000000000000000000000000000000000000000000000000000000000000000000000000000774100000000000000000000000000   160218             00000000000000                                                                  000016
10206025637000119000000900133010179341905866646               000000000190586664620000000000000000000000000906150218190586664600000000019058666462150218000000000774134103757  000000000000000000000000000000000000000000000000000000000000000000000000000000000000000774100000000000000000000000000   160218             00000000000000                                                                  000017
10206025637000119000000900133010179341905866767               000000000190586676710000000000000000000000000906150218190586676700000000019058667671150218000000000774100106996  000000000000000000000000000000000000000000000000000000000000000000000000000000000000000774100000000000000000000000000   160218             00000000000000                                                                  000018
10206025637000119000000900133010179341905866861               000000000190586686190000000000000000000000000906150218190586686100000000019058668619150218000000000774175603180  000000000000000000000000000000000000000000000000000000000000000000000000000000000000000774100000000000000000000000000   160218             00000000000000                                                                  000019
10206025637000119000000900133010179341905866869               000000000190586686940000000000000000000000000906150218190586686900000000019058668694250218000000000774134105590  000000000000000000000000000000000000000000000000000000000000000000000000000000000000000774100000000000000000000000000   160218             00000000000000                                                                  000020
10206025637000119000000900133010179341905866908               000000000190586690890000000000000000000000000906150218190586690800000000019058669089150218000000002957623702393  000000000000000000000000000000000000000000000000000000000000000000000000000000000000002957600000000000000000000000000   160218             00000000000000                                                                  000021
10206025637000119000000900133010179341905866914               000000000190586691430000000000000000000000000906150218190586691400000000019058669143150218000000000774134109274  000000000000000000000000000000000000000000000000000000000000000000000000000000000000000774100000000000000000000000000   160218             00000000000000                                                                  000022
10206025637000119000000900133010179341905866953               000000000190586695340000000000000000000000000906150218190586695300000000019058669534150218000000000774134107063  000000000000000000000000000000000000000000000000000000000000000000000000000000000000000774100000000000000000000000000   160218             00000000000000                                                                  000023
10206025637000119000000900133010179341905866987               000000000190586698790000000000000000000000000906150218190586698700000000019058669879150218000000000774100104851  000000000000000000000000000000000000000000000000000000000000000000000000000000000000000774100000000000000000000000000   160218             00000000000000                                                                  000024
10206025637000119000000900133010179341905867048               000000000190586704860000000000000000000000000906150218190586704800000000019058670486150218000000008516300101596  000000000000000000000000000000000000000000000000000000000000000000000000000000000000008516300000000000000000000000000   160218             00000000000000                                                                  000025
10206025637000119000000900133010179341905867147               000000000190586714740000000000000000000000000906150218190586714700000000019058671474150218000000004246503303432  000000000000000000000000000000000000000000000000000000000000000000000000000000000000004246500000000000000000000000000   160218             00000000000000                                                                  000026
10206025637000119000000900133010179341905867212               000000000190586721280000000000000000000000000906150218190586721200000000019058672128150218000000000774110400238  000000000000000000000000000000000000000000000000000000000000000000000000000000000000000774100000000000000000000000000   160218             00000000000000                                                                  000027
10206025637000119000000900133010179341905868702               000000000190586870280000000000000000000000000906150218190586870200000000019058687028040318000000007260800108097  000000000000000000000000000000000000000000000000000000000000000000000000000000000000007260800000000000000000000000000   160218             00000000000000                                                                  000028
10206025637000119000000900133010179341905868746               0000000001905868746P000000000000000000000000090615021819058687460000000001905868746P290318000000006939734100428  000000000000000000000000000000000000000000000000000000000000000000000000000000000000006939700000000000000000000000000   160218             00000000000000                                                                  000029
10206025637000119000000900133010568161905822132               000000000190582213200000000000000000000000000906150218190582213200000000019058221320280218000000008741623701837  000000000000000000000000000000000000000000000000000000000000000000000000000000000000008741600000000000000000000000000   160218             00000000000000                                                                  000030
10206025637000119000000900133010568161905828511               000000000190582851160000000000000000000000000906150218190582851100000000019058285116020418000000008887523702740  000000000000000000000000000000000000000000000000000000000000000000000000000000000000008887500000000000000000000000000   160218             00000000000000                                                                  000031
10206025637000119000000900133010568161905832463               000000000190583246340000000000000000000000000906150218190583246300000000019058324634150218000000006322800103146  000000000000000000000000000000000000000000000000000000000000000000000000000000000000006322800000000000000000000000000   160218             00000000000000                                                                  000032
10206025637000119000000900133010568161905832487               000000000190583248710000000000000000000000000906150218190583248700000000019058324871150218000000003164500103146  000000000000000000000000000000000000000000000000000000000000000000000000000000000000003164500000000000000000000000000   160218             00000000000000                                                                  000033
10206025637000119000000900133010568161905845946               000000000190584594670000000000000000000000000906150218190584594600000000019058459467031217000000003990075604437  000000000000000000000000000000000000000000000000000000000000000000000000000000000000004086200000000009620000000000000   160218             00000000000000                                                                  000034
10206025637000119000000900133010568161905846688               000000000190584668890000000000000000000000000906150218190584668800000000019058466889200218000000008720800108387  000000000000000000000000000000000000000000000000000000000000000000000000000000000000008720800000000000000000000000000   160218             00000000000000                                                                  000035
10206025637000119000000900133010568161905848523               000000000190584852390000000000000000000000000906150218190584852300000000019058485239150218000000006425000102951  000000000000000000000000000000000000000000000000000000000000000000000000000000000000006425000000000000000000000000000   160218             00000000000000                                                                  000036
10206025637000119000000900133010568161905850542               000000000190585054260000000000000000000000000906150218190585054200000000019058505426150218000000005430023700063  000000000000000000000000000000000000000000000000000000000000000000000000000000000000005430000000000000000000000000000   160218             00000000000000                                                                  000037
10206025637000119000000900133010568161905850569               000000000190585056980000000000000000000000000906150218190585056900000000019058505698150218000000008866623703543  000000000000000000000000000000000000000000000000000000000000000000000000000000000000008866600000000000000000000000000   160218             00000000000000                                                                  000038
10206025637000119000000900133010568161905850797               000000000190585079760000000000000000000000000906150218190585079700000000019058507976200218000000006500010400218  000000000000000000000000000000000000000000000000000000000000000000000000000000000000006500000000000000000000000000000   160218             00000000000000                                                                  000039
10206025637000119000000900133010568161905852583               000000000190585258340000000000000000000000000906150218190585258300000000019058525834280218000000006525034104225  000000000000000000000000000000000000000000000000000000000000000000000000000000000000006525000000000000000000000000000   160218             00000000000000                                                                  000040
10206025637000119000000900133010568161905856946               000000000190585694670000000000000000000000000906150218190585694600000000019058569467150218000000003150003300304  000000000000000000000000000000000000000000000000000000000000000000000000000000000000003150000000000000000000000000000   160218             00000000000000                                                                  000041
10206025637000119000000900133010568161905858850               0000000001905858850P000000000000000000000000090615021819058588500000000001905858850P090218000000003410000104461  000000000000000000000000000000000000000000000000000000000000000000000000000000000000003416600000000000660000000000000   160218             00000000000000                                                                  000042
10206025637000119000000900133010568161905859012               000000000190585901210000000000000000000000000906150218190585901200000000019058590121150218000000003100034109697  000000000000000000000000000000000000000000000000000000000000000000000000000000000000003100000000000000000000000000000   160218             00000000000000                                                                  000043
10206025637000119000000900133010568161905859207               000000000190585920780000000000000000000000000906150218190585920700000000019058592078160218000000002475034109107  000000000000000000000000000000000000000000000000000000000000000000000000000000000000002475000000000000000000000000000   160218             00000000000000                                                                  000044
10206025637000119000000900133010568161905859689               000000000190585968980000000000000000000000000906150218190585968900000000019058596898260218000000003400000101001  000000000000000000000000000000000000000000000000000000000000000000000000000000000000003400000000000000000000000000000   160218             00000000000000                                                                  000045
10206025637000119000000900133010568161905861029               000000000190586102970000000000000000000000000906150218190586102900000000019058610297060118000000002790034109639  000000000000000000000000000000000000000000000000000000000000000000000000000000000000002790000000000000000000000000000   160218             00000000000000                                                                  000046
10206025637000119000000900133010568161905861030               000000000190586103000000000000000000000000000906150218190586103000000000019058610300060218000000002790034109639  000000000000000000000000000000000000000000000000000000000000000000000000000000000000002790000000000000000000000000000   160218             00000000000000                                                                  000047
10206025637000119000000900133010568161905861378               000000000190586137840000000000000000000000000906150218190586137800000000019058613784150218000000002945034106899  000000000000000000000000000000000000000000000000000000000000000000000000000000000000002945000000000000000000000000000   160218             00000000000000                                                                  000048
10206025637000119000000900133010568161905861388               000000000190586138810000000000000000000000000906150218190586138800000000019058613881150218000000003400010403274  000000000000000000000000000000000000000000000000000000000000000000000000000000000000003400000000000000000000000000000   160218             00000000000000                                                                  000049
10206025637000119000000900133010568161905861535               000000000190586153530000000000000000000000000906150218190586153500000000019058615353221217000000002800034100002  000000000000000000000000000000000000000000000000000000000000000000000000000000000000002800000000000000000000000000000   160218             00000000000000                                                                  000050
10206025637000119000000900133010568161905861536               000000000190586153610000000000000000000000000906150218190586153600000000019058615361220118000000002800034100002  000000000000000000000000000000000000000000000000000000000000000000000000000000000000002800000000000000000000000000000   160218             00000000000000                                                                  000051
10206025637000119000000900133010568161905863376               000000000190586337690000000000000000000000000906150218190586337600000000019058633769150218000000007335003303342  000000000000000000000000000000000000000000000000000000000000000000000000000000000000007335000000000000000000000000000   160218             00000000000000                                                                  000052
10206025637000119000000900133010568161905863645               000000000190586364580000000000000000000000000906150218190586364500000000019058636458190118000000008971023702467  000000000000000000000000000000000000000000000000000000000000000000000000000000000000009052000000000008100000000000000   160218             00000000000000                                                                  000053
10206025637000119000000900133010568161905863766               000000000190586376670000000000000000000000000906150218190586376600000000019058637667150118000000006555634106662  000000000000000000000000000000000000000000000000000000000000000000000000000000000000006555600000000000000000000000000   160218             00000000000000                                                                  000054
10206025637000119000000900133010568161905863885               0000000001905863885P000000000000000000000000090615021819058638850000000001905863885P050118000000004436575603188  000000000000000000000000000000000000000000000000000000000000000000000000000000000000004436500000000000000000000000000   160218             00000000000000                                                                  000055
10206025637000119000000900133010568161905864297               000000000190586429700000000000000000000000000906150218190586429700000000019058642970050118000000005500034104054  000000000000000000000000000000000000000000000000000000000000000000000000000000000000005500000000000000000000000000000   160218             00000000000000                                                                  000056
10206025637000119000000900133010568161905865471               000000000190586547150000000000000000000000000906150218190586547100000000019058654715120218000000008825003300176  000000000000000000000000000000000000000000000000000000000000000000000000000000000000008833700000000000870000000000000   160218             00000000000000                                                                  000057
10206025637000119000000900133010568161905865563               000000000190586556300000000000000000000000000906150218190586556300000000019058655630150218000000005440000101885  000000000000000000000000000000000000000000000000000000000000000000000000000000000000005440000000000000000000000000000   160218             00000000000000                                                                  000058
10206025637000119000000900133010568161905865620               000000000190586562030000000000000000000000000906150218190586562000000000019058656203170118000000002595034103812  000000000000000000000000000000000000000000000000000000000000000000000000000000000000002595000000000000000000000000000   160218             00000000000000                                                                  000059
10206025637000119000000900133010568161905866236               0000000001905866236P000000000000000000000000090615021819058662360000000001905866236P180218000000003909610403514  000000000000000000000000000000000000000000000000000000000000000000000000000000000000003909600000000000000000000000000   160218             00000000000000                                                                  000060
10206025637000119000000900133010568161905866268               000000000190586626880000000000000000000000000906150218190586626800000000019058662688100218000000007260823702705  000000000000000000000000000000000000000000000000000000000000000000000000000000000000007272800000000001200000000000000   160218             00000000000000                                                                  000061
10206025637000119000000900133010568161905866277               000000000190586627770000000000000000000000000906150218190586627700000000019058662777150218000000000774134106667  000000000000000000000000000000000000000000000000000000000000000000000000000000000000000774100000000000000000000000000   160218             00000000000000                                                                  000062
10206025637000119000000900133010568161905866299               000000000190586629980000000000000000000000000906150218190586629900000000019058662998150218000000004102523700420  000000000000000000000000000000000000000000000000000000000000000000000000000000000000004102500000000000000000000000000   160218             00000000000000                                                                  000063
10206025637000119000000900133010568161905866304               000000000190586630480000000000000000000000000906150218190586630400000000019058663048150218000000004436500104891  000000000000000000000000000000000000000000000000000000000000000000000000000000000000004436500000000000000000000000000   160218             00000000000000                                                                  000064
10206025637000119000000900133010568161905866323               000000000190586632340000000000000000000000000906150218190586632300000000019058663234150218000000006143823702375  000000000000000000000000000000000000000000000000000000000000000000000000000000000000006143800000000000000000000000000   160218             00000000000000                                                                  000065
10206025637000119000000900133010568161905866496               000000000190586649660000000000000000000000000906150218190586649600000000019058664966150218000000005677410400364  000000000000000000000000000000000000000000000000000000000000000000000000000000000000005677400000000000000000000000000   160218             00000000000000                                                                  000066
10206025637000119000000900133010568161905866578               000000000190586657840000000000000000000000000906150218190586657800000000019058665784150218000000007322300108636  000000000000000000000000000000000000000000000000000000000000000000000000000000000000007322300000000000000000000000000   160218             00000000000000                                                                  000067
10206025637000119000000900133010568161905866685               000000000190586668530000000000000000000000000906150218190586668500000000019058666853160218000000003500000105783  000000000000000000000000000000000000000000000000000000000000000000000000000000000000003500000000000000000000000000000   160218             00000000000000                                                                  000068
10206025637000119000000900133010568161905866704               000000000190586670430000000000000000000000000906150218190586670400000000019058667043150218000000004246503300298  000000000000000000000000000000000000000000000000000000000000000000000000000000000000004246500000000000000000000000000   160218             00000000000000                                                                  000069
10206025637000119000000900133010568161905866719               000000000190586671910000000000000000000000000906150218190586671900000000019058667191150218000000008133434106331  000000000000000000000000000000000000000000000000000000000000000000000000000000000000008133400000000000000000000000000   160218             00000000000000                                                                  000070
10206025637000119000000900133010568161905866721               000000000190586672130000000000000000000000000906150218190586672100000000019058667213150218000000006709600103859  000000000000000000000000000000000000000000000000000000000000000000000000000000000000006709600000000000000000000000000   160218             00000000000000                                                                  000071
10206025637000119000000900133010568161905866744               000000000190586674420000000000000000000000000906150218190586674400000000019058667442150218000000003909623706452  000000000000000000000000000000000000000000000000000000000000000000000000000000000000003909600000000000000000000000000   160218             00000000000000                                                                  000072
10206025637000119000000900133010568161905866777               000000000190586677790000000000000000000000000906150218190586677700000000019058667779150218000000013811300105803  000000000000000000000000000000000000000000000000000000000000000000000000000000000000013811300000000000000000000000000   160218             00000000000000                                                                  000073
10206025637000119000000900133010568161905866832               000000000190586683250000000000000000000000000906150218190586683200000000019058668325030218000000003575803300389  000000000000000000000000000000000000000000000000000000000000000000000000000000000000003590200000000001440000000000000   160218             00000000000000                                                                  000074
10206025637000119000000900133010568161905866917               000000000190586691780000000000000000000000000906150218190586691700000000019058669178150218000000000774103303736  000000000000000000000000000000000000000000000000000000000000000000000000000000000000000774100000000000000000000000000   160218             00000000000000                                                                  000075
10206025637000119000000900133010568161905866938               000000000190586693800000000000000000000000000906150218190586693800000000019058669380150218000000008133434105189  000000000000000000000000000000000000000000000000000000000000000000000000000000000000008133400000000000000000000000000   160218             00000000000000                                                                  000076
10206025637000119000000900133010568161905866945               000000000190586694530000000000000000000000000906150218190586694500000000019058669453130218000000006709634108058  000000000000000000000000000000000000000000000000000000000000000000000000000000000000006714000000000000440000000000000   160218             00000000000000                                                                  000077
10206025637000119000000900133010568161905866969               000000000190586696900000000000000000000000000906150218190586696900000000019058669690150218000000007785500104852  000000000000000000000000000000000000000000000000000000000000000000000000000000000000007785500000000000000000000000000   160218             00000000000000                                                                  000078
10206025637000119000000900133010568161905866973               000000000190586697390000000000000000000000000906150218190586697300000000019058669739170218000000004171734102700  000000000000000000000000000000000000000000000000000000000000000000000000000000000000004171700000000000000000000000000   160218             00000000000000                                                                  000079
10206025637000119000000900133010568161905866977               000000000190586697710000000000000000000000000906150218190586697700000000019058669771150218000000004500013602301  000000000000000000000000000000000000000000000000000000000000000000000000000000000000004500000000000000000000000000000   160218             00000000000000                                                                  000080
10206025637000119000000900133010568161905867011               000000000190586701170000000000000000000000000906150218190586701100000000019058670117030218000000003612923706613  000000000000000000000000000000000000000000000000000000000000000000000000000000000000003627300000000001440000000000000   160218             00000000000000                                                                  000081
10206025637000119000000900133010568161905867073               000000000190586707370000000000000000000000000906150218190586707300000000019058670737150218000000006555634106374  000000000000000000000000000000000000000000000000000000000000000000000000000000000000006555600000000000000000000000000   160218             00000000000000                                                                  000082
10206025637000119000000900133010568161905867142               000000000190586714230000000000000000000000000906150218190586714200000000019058671423050218000000002025623703561  000000000000000000000000000000000000000000000000000000000000000000000000000000000000002032600000000000700000000000000   160218             00000000000000                                                                  000083
10206025637000119000000900133010568161905867170               000000000190586717090000000000000000000000000906150218190586717000000000019058671709150218000000005500034100022  000000000000000000000000000000000000000000000000000000000000000000000000000000000000005500000000000000000000000000000   160218             00000000000000                                                                  000084
10206025637000119000000900133010568161905867196               000000000190586719620000000000000000000000000906150218190586719600000000019058671962150218000000006500000102585  000000000000000000000000000000000000000000000000000000000000000000000000000000000000006500000000000000000000000000000   160218             00000000000000                                                                  000085
10206025637000119000000900133010568161905867216               000000000190586721600000000000000000000000000906150218190586721600000000019058672160150218000000005677923700891  000000000000000000000000000000000000000000000000000000000000000000000000000000000000005677900000000000000000000000000   160218             00000000000000                                                                  000086
10206025637000119000000900133010568161905867223               000000000190586722330000000000000000000000000906150218190586722300000000019058672233070218000000008867010404113  000000000000000000000000000000000000000000000000000000000000000000000000000000000000008867000000000000000000000000000   160218             00000000000000                                                                  000087
10206025637000119000000900133010568161905867480               000000000190586748050000000000000000000000000906150218190586748000000000019058674805120218000000032600000101636  000000000000000000000000000000000000000000000000000000000000000000000000000000000000032632700000000003270000000000000   160218             00000000000000                                                                  000088
10206025637000119000000900133010568161905867532               000000000190586753210000000000000000000000000906150218190586753200000000019058675321150218000000003629075603042  000000000000000000000000000000000000000000000000000000000000000000000000000000000000003629000000000000000000000000000   160218             00000000000000                                                                  000089
10206025637000119000000900133010568161905868522               0000000001905868522P000000000000000000000000090615021819058685220000000001905868522P110318000000006709623703739  000000000000000000000000000000000000000000000000000000000000000000000000000000000000006709600000000000000000000000000   160218             00000000000000                                                                  000090
10206025637000119000000900133010568161905868541               000000000190586854160000000000000000000000000906150218190586854100000000019058685416010318000000006555634103074  000000000000000000000000000000000000000000000000000000000000000000000000000000000000006555600000000000000000000000000   160218             00000000000000                                                                  000091
10206025637000119000000900133010568161905868629               000000000190586862930000000000000000000000000906150218190586862900000000019058686293220318000000005363800104847  000000000000000000000000000000000000000000000000000000000000000000000000000000000000005363800000000000000000000000000   160218             00000000000000                                                                  000092
10206025637000119000000900133010568161905868886               000000000190586888650000000000000000000000000906150218190586888600000000019058688865010318000000006555603300363  000000000000000000000000000000000000000000000000000000000000000000000000000000000000006555600000000000000000000000000   160218             00000000000000                                                                  000093
10206025637000119000000900133010179341905860600               000000000190586060010000000000000000000000000910150218190586060000000000019058606001161117000000004436523700000  000000000000000000000000000000000000000000000000000000000000000000000000000000000000000000000000000000000000000000000                          1600000000                                                                  000094
10206025637000119000000900133010568161905842336               000000000190584233650000000000000000000000000910150218190584233600000000019058423365161117000000003000023700000  000000000000000000000000000000000000000000000000000000000000000000000000000000000000000000000000000000000000000000000                          1600000000                                                                  000095
10206025637000119000000900133010568161905850549               000000000190585054930000000000000000000000000910150218190585054900000000019058505493161117000000006653023700000  000000000000000000000000000000000000000000000000000000000000000000000000000000000000000000000000000000000000000000000                          1600000000                                                                  000096
10206025637000119000000900133010568161905859982               0000000001905859982P000000000000000000000000091015021819058599820000000001905859982P161117000000003785323700000  000000000000000000000000000000000000000000000000000000000000000000000000000000000000000000000000000000000000000000000                          1600000000                                                                  000097
10206025637000119000000900133010568161905860648               000000000190586064860000000000000000000000000910150218190586064800000000019058606486161117000000007260823700000  000000000000000000000000000000000000000000000000000000000000000000000000000000000000000000000000000000000000000000000                          1600000000                                                                  000098
1020602563700011900000090013301017934                         0000000000000001215P0000000000000000000000000917150218          0000000000000001215P000000000000002720000101881  000000000000000000000000000000000000000000000000000000000000000000000000000000000000002720000000000000000000000000000   160218                 0000000000                                                                  000099
1020602563700011900000090013301017934                         000000000000000121840000000000000000000000000917150218          00000000000000012184000000000000006440023706137  000000000000000000000000000000000000000000000000000000000000000000000000000000000000006440000000000000000000000000000   160218                 0000000000                                                                  000100
1020602563700011900000090013301017934                         000000000190586487740000000000000000000000000917150218          00000000019058648774000000000000001500034100375  000000000000000000000000000000000000000000000000000000000000000000000000000000000000001500000000000000000000000000000   160218                 0000000000                                                                  000101
9201237          000013390000006483554600003118          00000000000000000000004513476000920000045107020000500000025135600000000000000000000000000000000000000000000000000000000000000000000                                                                                                                                                                              00000000000000000000000         000102
